@ONLINE {artifactRegistryReplacesGCP,
    author = "Martinez, Felipe",
    title  = "Artifact Registry: the new way to keep your App artifacts and Docker Images on GCP",
    month  = "apr",
    year   = "2020",
    url    = "https://medium.com/google-cloud/artifact-registry-the-new-way-to-keep-your-app-artifacts-and-docker-images-on-gcp-d1a72da09ff9"
}