@article{meyer_2014, title={Continuous integration and its tools}, volume={31}, DOI={10.1109/ms.2014.58}, number={3}, journal={IEEE Software}, author={Meyer, Mathias}, year={2014}, pages={14–16}} 
@book{venema_2021, place={Cambridge}, title={Building serverless applications with Google Cloud Run: A real-world guide to building production-ready services}, publisher={O'Reilly}, author={Venema, Wietse}, year={2021}} 
@misc{clancy_2021, title={Docker containers vs. VMS: A look at the pros and cons}, url={https://www.backblaze.com/blog/vm-vs-containers/}, journal={Backblaze Blog | Cloud Storage &amp; Cloud Backup}, author={Clancy, Molly}, year={2021}, month={Oct}} 
@misc{daly_2022, title={Introducing the Serverless Cloud Full Stack Experience}, url={https://www.serverless.com/blog/introducing-the-serverless-cloud-full-stack-experience}, journal={RSS}, author={Daly, Jeremy}, year={2022}, month={Mar}} 
@misc{heddings_2020, title={Should you run a database in Docker?}, url={https://www.howtogeek.com/devops/should-you-run-a-database-in-docker/}, journal={How-To Geek}, author={Heddings, Anthony}, year={2020}, month={Sep}} 
@misc{johnson_2020, title={What is google cloud run?}, url={https://www.bmc.com/blogs/google-cloud-run/}, journal={BMC Blogs}, author={Johnson, Jonathan}, year={2020}, month={May}} 
@misc{lackes_siepermann_2018, title={Definition: Virtuelle Maschine}, url={https://wirtschaftslexikon.gabler.de/definition/virtuelle-maschine-48523/version-271775}, journal={Gabler Wirtschaftslexikon}, publisher={Springer Fachmedien Wiesbaden GmbH}, author={Lackes, Prof. Dr. Richard and Siepermann, Dr. Markus}, year={2018}, month={Feb}} 
@misc{lamm_2021, title={What is continuous deployment?}, url={https://harness.io/blog/continuous-delivery/continuous-deployment/}, journal={Harness.io}, author={Lamm, Dan}, year={2021}, month={Dec}} 
@misc{laszczak_2020, title={Too modern go application? building a serverless application with Google Cloud Run and firebase}, url={https://threedots.tech/post/serverless-cloud-run-firebase-modern-go-application/}, journal={Three Dots Labs}, author={Laszczak, Robert}, year={2020}, month={May}} 
@misc{martinez_2020, title={Artifact registry: The new way to keep your app artifacts and Docker images on GCP}, url={https://medium.com/google-cloud/artifact-registry-the-new-way-to-keep-your-app-artifacts-and-docker-images-on-gcp-d1a72da09ff9}, journal={Medium}, publisher={Google Cloud - Community}, author={Martinez, Felipe}, year={2020}, month={Apr}} 
@misc{ożarowska_2020, title={Cloud SQL – A cloud database. what is it and why is it worth using?}, url={https://fotc.com/blog/cloud-sql/}, journal={FOTC}, author={Ożarowska, Ida}, year={2020}, month={Dec}} 








@phdthesis{streckwaldt2014continuous,
  title={Continuous Integration: Webbasierte agile Softwareentwicklung in interdisziplin{\"a}ren Projekten},
  author={Streckwaldt, Till},
  year={2014},
  school={Hochschule f{\"u}r angewandte Wissenschaften Hamburg},
  url={https://reposit.haw-hamburg.de/bitstream/20.500.12738/6603/1/BA_Streckwaldt.pdf}
}